<?xml version="1.0" encoding="UTF-8"?><record xmlns="http://www.loc.gov/MARC21/slim" xmlns:cinclude="http://apache.org/cocoon/include/1.0" xmlns:zs="http://www.loc.gov/zing/srw/">
  <leader>00538nz  a2200145n  4500</leader>
  <controlfield tag="001">no2008011007</controlfield>
  <controlfield tag="003">DLC</controlfield>
  <controlfield tag="005">20080125080156.0</controlfield>
  <controlfield tag="008">080108n| acannaabn          |a aaa     c</controlfield>
  <datafield tag="010" ind1=" " ind2=" ">
    <subfield code="a">no2008011007</subfield>
  </datafield>
  <datafield tag="035" ind1=" " ind2=" ">
    <subfield code="a">(OCoLC)oca07636858</subfield>
  </datafield>
  <datafield tag="040" ind1=" " ind2=" ">
    <subfield code="a">MX-SlUA</subfield>
    <subfield code="b">eng</subfield>
    <subfield code="c">MX-SlUA</subfield>
  </datafield>
  <datafield tag="100" ind1="1" ind2=" ">
    <subfield code="a">Torres Soto, Guillermo M.</subfield>
  </datafield>
  <datafield tag="400" ind1="1" ind2=" ">
    <subfield code="a">Soto, Guillermo M. Torres</subfield>
  </datafield>
  <datafield tag="670" ind1=" " ind2=" ">
    <subfield code="a">Estudio geológico del área de San Bartolo-Tahonas, Sierra de Catorce, S.L.P., 1979:</subfield>
    <subfield code="b">t.p. (Guillermo M. Torres Soto; Universidad Autónoma de San Luis Potosí; Ingeniero Geólogo)</subfield>
  </datafield>
</record>